@article{CERN-THESIS-2013-034,
      author         = "Sieber, Georg",
      title          = "{Determination of the proton structure and the strong
                        coupling from inclusive jet cross sections at the LHC}",
      year           = "2013",
      reportNumber   = "CERN-THESIS-2013-034, IEKP-KA/2013-10",
      SLACcitation   = "%%CITATION = CERN-THESIS-2013-034 ETC.;%%",
}
